@article{grieve2007quantitative,
	title={Quantitative authorship attribution: An evaluation of techniques},
	author={Grieve, Jack},
	journal={Literary and linguistic computing},
	volume={22},
	number={3},
	pages={251--270},
	year={2007},
	publisher={Oxford University Press}
}

@article{fox2012statistical,
	title={Statistical stylometrics and the Marlowe-Shakespeare authorship debate},
	author={Fox, Neal and Ehmoda, Omran and Charniak, Eugene},
	journal={Proceedings of the Georgetown University Roundtable on Language and Linguistics (GURT), Washington, DC, USA},
	year={2012}
}

@article{stanko2013whose,
	title={Whose book is it anyway? using machine learning to identify the author of unknown texts},
	author={Stanko, Sean and Lu, Devin and Hsu, Irving},
	journal={Machine Learning Final Projects},
	year={2013}
}

@incollection{mironovsky2018graphological,
	title={Graphological Analysis and Identification of Handwritten Texts},
	author={Mironovsky, Leonid A and Nikitin, Alexander V and Reshetnikova, Nina N and Soloviev, Nikolay V},
	booktitle={Computer Vision in Control Systems-4},
	pages={11--40},
	year={2018},
	publisher={Springer}
}

@inproceedings{sapkota2015not, title={Not all character n-grams are created equal: A study in authorship attribution}, author={Sapkota, Upendra and Bethard, Steven and Montes, Manuel and Solorio, Thamar}, booktitle={Proceedings of the 2015 conference of the North American chapter of the association for computational linguistics: Human language technologies}, pages={93--102}, year={2015} }

@article{mikolov2013efficient,
	title={Efficient estimation of word representations in vector space},
	author={Mikolov, Tomas and Chen, Kai and Corrado, Greg and Dean, Jeffrey},
	journal={arXiv preprint arXiv:1301.3781},
	year={2013}
}

@article{stamatatos2009survey,
	title={A survey of modern authorship attribution methods},
	author={Stamatatos, Efstathios},
	journal={Journal of the American Society for information Science and Technology},
	volume={60},
	number={3},
	pages={538--556},
	year={2009},
	publisher={Wiley Online Library}
}

@article{chung2007psychological,
	title={The psychological functions of function words},
	author={Chung, Cindy and Pennebaker, James W},
	journal={Social communication},
	volume={1},
	pages={343--359},
	year={2007}
}

@inproceedings{argamon2005measuring,
	title={Measuring the usefulness of function words for authorship attribution},
	author={Argamon, Shlomo and Levitan, Shlomo},
	booktitle={Proceedings of the 2005 ACH/ALLC Conference},
	pages={4--7},
	year={2005}
}

@inproceedings{baayen2002experiment,
	title={An experiment in authorship attribution},
	author={Baayen, Harald and van Halteren, Hans and Neijt, Anneke and Tweedie, Fiona},
	booktitle={6th JADT},
	volume={1},
	pages={69--75},
	year={2002},
	organization={Citeseer}
}

@inproceedings{koppel2005determining,
	title={Determining an author's native language by mining a text for errors},
	author={Koppel, Moshe and Schler, Jonathan and Zigdon, Kfir},
	booktitle={Proceedings of the eleventh ACM SIGKDD international conference on Knowledge discovery in data mining},
	pages={624--628},
	year={2005}
}

@inproceedings{zhao2005effective,
	title={Effective and scalable authorship attribution using function words},
	author={Zhao, Ying and Zobel, Justin},
	booktitle={Asia Information Retrieval Symposium},
	pages={174--189},
	year={2005},
	organization={Springer}
}

@inproceedings{van2017exploring,
	title={Exploring lexical and syntactic features for language variety identification},
	author={van der Lee, Chris and van den Bosch, Antal},
	booktitle={Proceedings of the Fourth Workshop on NLP for Similar Languages, Varieties and Dialects (VarDial)},
	pages={190--199},
	year={2017}
}

@article{yang2013combining,
	title={Combining lexical and semantic features for short text classification},
	author={Yang, Lili and Li, Chunping and Ding, Qiang and Li, Li},
	journal={Procedia Computer Science},
	volume={22},
	pages={78--86},
	year={2013},
	publisher={Elsevier}
}

@inproceedings{mikolov2010recurrent,
	title={Recurrent neural network based language model},
	author={Mikolov, Tom{\'a}{\v{s}} and Karafi{\'a}t, Martin and Burget, Luk{\'a}{\v{s}} and {\v{C}}ernock{\`y}, Jan and Khudanpur, Sanjeev},
	booktitle={Eleventh annual conference of the international speech communication association},
	year={2010}
}

@inproceedings{le2014distributed,
	title={Distributed representations of sentences and documents},
	author={Le, Quoc and Mikolov, Tomas},
	booktitle={International conference on machine learning},
	pages={1188--1196},
	year={2014},
	organization={PMLR}
}

@inproceedings{mikolov2013linguistic,
	title={Linguistic regularities in continuous space word representations},
	author={Mikolov, Tom{\'a}{\v{s}} and Yih, Wen-tau and Zweig, Geoffrey},
	booktitle={Proceedings of the 2013 conference of the north american chapter of the association for computational linguistics: Human language technologies},
	pages={746--751},
	year={2013}
}

@article{williams1975mendenhall,
	title={Mendenhall's studies of word-length distribution in the works of Shakespeare and Bacon},
	author={Williams, Carrington B},
	journal={Biometrika},
	volume={62},
	number={1},
	pages={207--212},
	year={1975},
	publisher={Oxford University Press}
}

@inproceedings{lewis1994comparison,
	title={A comparison of two learning algorithms for text categorization},
	author={Lewis, David D and Ringuette, Marc},
	booktitle={Third annual symposium on document analysis and information retrieval},
	volume={33},
	pages={81--93},
	year={1994}
}

@article{sebastiani2002machine,
	title={Machine learning in automated text categorization},
	author={Sebastiani, Fabrizio},
	journal={ACM computing surveys (CSUR)},
	volume={34},
	number={1},
	pages={1--47},
	year={2002},
	publisher={ACM New York, NY, USA}
}

@article{holmes1998evolution,
	title={The evolution of stylometry in humanities scholarship},
	author={Holmes, David I},
	journal={Literary and linguistic computing},
	volume={13},
	number={3},
	pages={111--117},
	year={1998},
	publisher={Oxford University Press}
}

@article{holmes1995forensic,
	title={Forensic stylometry: A review of the cusum controversy},
	author={Holmes, David I and Tweedie, Fiona J},
	journal={Revue Informatique et Statistique dans les Sciences Humaines},
	volume={31},
	number={1},
	pages={19--47},
	year={1995},
	publisher={University of Liege Belgium}
}

@techreport{michaelson1990qsum,
	title={The Qsum Plot},
	author={Michaelson, S and Morton, A},
	year={1990},
	institution={Internal Report CSR-3}
}

@inproceedings{madigan2005author,
	title={Author identification on the large scale},
	author={Madigan, David and Genkin, Alexander and Lewis, David D and Argamon, Shlomo and Fradkin, Dmitriy and Ye, Li},
	booktitle={Proceedings of the 2005 Meeting of the Classification Society of North America (CSNA)},
	year={2005}
}

@article{abbasi2005applying,
	title={Applying authorship analysis to extremist-group web forum messages},
	author={Abbasi, Ahmed and Chen, Hsinchun},
	journal={IEEE Intelligent Systems},
	volume={20},
	number={5},
	pages={67--75},
	year={2005},
	publisher={IEEE}
}

@article{chaski2005s,
	title={Who’s at the keyboard? Authorship attribution in digital evidence investigations},
	author={Chaski, Carole E},
	journal={International journal of digital evidence},
	volume={4},
	number={1},
	pages={1--13},
	year={2005},
	publisher={Citeseer}
}

@inproceedings{frantzeskou2006effective,
	title={Effective identification of source code authors using byte-level information},
	author={Frantzeskou, Georgia and Stamatatos, Efstathios and Gritzalis, Stefanos and Katsikas, Sokratis},
	booktitle={Proceedings of the 28th international conference on Software engineering},
	pages={893--896},
	year={2006}
}

@article{burrows2002delta,
	title={‘Delta’: a measure of stylistic difference and a guide to likely authorship},
	author={Burrows, John},
	journal={Literary and linguistic computing},
	volume={17},
	number={3},
	pages={267--287},
	year={2002},
	publisher={Oxford University Press}
}

@inproceedings{marton2005compression,
	title={On compression-based text classification},
	author={Marton, Yuval and Wu, Ning and Hellerstein, Lisa},
	booktitle={European Conference on Information Retrieval},
	pages={300--314},
	year={2005},
	organization={Springer}
}

@inproceedings{koppel2006authorship,
	title={Authorship attribution with thousands of candidate authors},
	author={Koppel, Moshe and Schler, Jonathan and Argamon, Shlomo and Messeri, Eran},
	booktitle={Proceedings of the 29th annual international ACM SIGIR conference on Research and development in information retrieval},
	pages={659--660},
	year={2006}
}

@article{stamatatos2008author,
	title={Author identification: Using text sampling to handle the class imbalance problem},
	author={Stamatatos, Efstathios},
	journal={Information Processing \& Management},
	volume={44},
	number={2},
	pages={790--799},
	year={2008},
	publisher={Elsevier}
}

@article{yule1938test,
	title={A test of Tippett's random sampling numbers},
	author={Yule, G Udny},
	journal={Journal of the Royal Statistical Society},
	volume={101},
	number={1},
	pages={167--172},
	year={1938},
	publisher={JSTOR}
}

@article{zipf1932selected,
	title={Selected studies of the principle of relative frequency in language},
	author={Zipf, George Kingsley},
	year={1932},
	publisher={Harvard university press}
}

@article{rudman1997state,
	title={The state of authorship attribution studies: Some problems and solutions},
	author={Rudman, Joseph},
	journal={Computers and the Humanities},
	volume={31},
	number={4},
	pages={351--365},
	year={1997},
	publisher={Springer}
}

@book{mosteller2007inference,
	title={Inference and disputed authorship: The Federalist},
	author={Mosteller, Frederick and Wallace, David L},
	year={2007},
	publisher={Stanford Univ Center for the Study}
}

@article{mitchell1997artificial,
	title={Artificial neural networks},
	author={Mitchell, Tom M},
	journal={Machine learning},
	volume={45},
	pages={81--127},
	year={1997},
	publisher={McGraw-Hill}
}

@inproceedings{sanderson2006short,
	title={Short text authorship attribution via sequence kernels, Markov chains and author unmasking: An investigation},
	author={Sanderson, Conrad and Guenter, Simon},
	booktitle={Proceedings of the 2006 conference on empirical methods in natural language processing},
	pages={482--491},
	year={2006}
}

@article{hirst2007bigrams,
	title={Bigrams of syntactic labels for authorship discrimination of short texts},
	author={Hirst, Graeme and Feiguina, Ol’ga},
	journal={Literary and Linguistic Computing},
	volume={22},
	number={4},
	pages={405--417},
	year={2007},
	publisher={Oxford University Press}
}

@article{chambers2004handbook,
	title={The Handbook of Language Variation and Change (2nd)},
	author={Chambers, JK and Trudgill, P and Schilling-Estes, Natalie},
	journal={Victoria: Blackwell Publishing},
	year={2004}
}

@article{halteren2004linguistic,
	title={Linguistic profiling for authorship recognition and verification},
	author={Halteren, H van},
	year={2004},
	publisher={East Stroudsburg: Association for Computational Linguistics}
}

@incollection{zu2007plagiarism,
	title={Plagiarism detection without reference collections},
	author={Zu Eissen, Sven Meyer and Stein, Benno and Kulig, Marion},
	booktitle={Advances in data analysis},
	pages={359--366},
	year={2007},
	publisher={Springer}
}

@article{koppel2009computational,
	title={Computational methods in authorship attribution},
	author={Koppel, Moshe and Schler, Jonathan and Argamon, Shlomo},
	journal={Journal of the American Society for information Science and Technology},
	volume={60},
	number={1},
	pages={9--26},
	year={2009},
	publisher={Wiley Online Library}
}